
@book {
    shibata,
    author    = {柴田 直},
    title     = {半導体デバイス入門 ―その原理と動作のしくみ―},
    publisher = {昭晃堂},
    year      = {2011}
}

@book {
    hirose,
    author    = {廣瀬 明},
    title     = {電気電子計測},
    series    = {新・電気システム工学},
    publisher = {数理工学社},
    year      = {2003}
}

@book {
    etsukawa,
    author    = {越川常治},
    title     = {信号解析入門},
    publisher = {近代科学社},
    year      = {1992}
}

@book {
    kiya,
    author    = {貴家仁志},
    title     = {ディジタル信号処理},
    publisher = {昭晃堂},
    year      = {1997}
}

@book {
    sone-dan,
    author    = {曽根 悟 and 壇 良},
    title     = {電気回路の基礎},
    publisher = {昭晃堂},
    year      = {1986}
}

